 @article{obuchowski2014recent,
   title={Recent developments in vibration based diagnostics of gear and bearings used in belt conveyors},
   author={Obuchowski, Jakub and Wylomanska, Agnieszka and Zimroz, Radoslaw},
   journal={Applied Mechanics and Materials},
   volume={683},
   pages={171--176},
   year={2014}, 
 }


@article{hebda2020selection,
  title={Selection of the Informative Frequency Band in a Bearing Fault Diagnosis in the Presence of Non-Gaussian Noise—Comparison of Recently Developed Methods},
  author={Hebda-Sobkowicz, Justyna and Zimroz, Rados{\l}aw and Wy{\l}oma{\'n}ska, Agnieszka},
  journal={Applied Sciences},
  volume={10},
  number={8},
  pages={2657},
  year={2020},
  publisher={Multidisciplinary Digital Publishing Institute}
}


@article{Wodecki201886,
author={Wodecki, J. and Kruczek, P. and Hebda-Sobkowicz, J. and Wylomanska, A. and Zimroz, R. and Gryllias, K.},
title={Informative frequency band identification method using bi-frequency map clustering for fault detection in rotating machines},
journal={Vibroengineering Procedia},
year={2018},
volume={19},
pages={86-90},
doi={10.21595/vp.2018.20210},

}


@ARTICLE{Carvalho2020,
author={Carvalho, R. and Nascimento, R. and D’angelo, T. and Delabrida, S. and Bianchi, A.G.C. and Oliveira, R.A.R. and Azpúrua, H. and Garcia, L.G.U.},
title={A UAV-based framework for semi-automated thermographic inspection of belt conveyors in the mining industry},
journal={Sensors (Switzerland)},
year={2020},
volume={20},
number={8},
doi={10.3390/s20082243},
art_number={2243},

}
@InProceedings{zimrozMPES2019,
author="Zimroz, R.
and Hutter, M.
and Mistry, M.
and Stefaniak, P.
and Walas, K.
and Wodecki, J.",
editor="Widzyk-Capehart, Eleonora
and Hekmat, Asieh
and Singhal, Raj",
title="Why Should Inspection Robots be used in Deep Underground Mines?",
booktitle="Proceedings of the 27th International Symposium on Mine Planning and Equipment Selection - MPES 2018",
year="2019",
publisher="Springer International Publishing",
address="Cham",
pages="497--507" 
}





@ARTICLE{Szrek2020,
author={Szrek, J. and Wodecki, J. and Błazej, R. and Zimroz, R.},
title={An inspection robot for belt conveyor maintenance in underground mine-infrared thermography for overheated idlers detection},
journal={Applied Sciences (Switzerland)},
year={2020},
volume={10},
number={14},
doi={10.3390/app10144984},
art_number={4984},

}








@ARTICLE{Yang2020,
author={Yang, R. and Qiao, T. and Pang, Y. and Yang, Y. and Zhang, H. and Yan, G.},
title={Infrared spectrum analysis method for detection and early warning of longitudinal tear of mine conveyor belt},
journal={Measurement: Journal of the International Measurement Confederation},
year={2020},
volume={165},
doi={10.1016/j.measurement.2020.107856},
art_number={107856},

}



@ARTICLE{Grzesiek2020,
author={Grzesiek, A. and Zimroz, R. and Śliwiński, P. and Gomolla, N. and Wyłomańska, A.},
title={Long term belt conveyor gearbox temperature data analysis – Statistical tests for anomaly detection},
journal={Measurement: Journal of the International Measurement Confederation},
year={2020},
volume={165},
doi={10.1016/j.measurement.2020.108124},
art_number={108124},
,
}

Scopus
EXPORT DATE: 24 August 2020

@ARTICLE{Boso2020,
author={Boso, D.P. and Braga, T. and Ravasini, S. and Škrbić, T. and Puglisi, A. and Pinato, O. and Chillon, A. and Frare, M.C. and Giacometti, A.},
title={An integrated DEM–FEM approach to study breakage in packing of glass cartridges on a conveyor belt},
journal={Granular Matter},
year={2020},
volume={22},
number={4},
doi={10.1007/s10035-020-01030-0},
art_number={73},

}


Scopus
EXPORT DATE: 24 August 2020

@ARTICLE{Mu2020,
author={Mu, Y. and Yao, T. and Jia, H. and Yu, X. and Zhao, B. and Zhang, X. and Ni, C. and Du, L.},
title={Optimal scheduling method for belt conveyor system in coal mine considering silo virtual energy storage},
journal={Applied Energy},
year={2020},
volume={275},
%doi={10.1016/j.apenergy.2020.115368},
art_number={115368},

}


Scopus
EXPORT DATE: 24 August 2020

@ARTICLE{Molnar2020,
author={Molnar, V. and Fedorko, G. and Honus, S. and Andrejiova, M. and Grincova, A. and Michalik, P. and Palencar, J.},
title={Research in placement of measuring sensors on hexagonal idler housing with regard to requirements of pipe conveyor failure analysis},
journal={Engineering Failure Analysis},
year={2020},
volume={116},
doi={10.1016/j.engfailanal.2020.104703},
art_number={104703},

}

Scopus
EXPORT DATE: 24 August 2020

@ARTICLE{Wu2020,
author={Wu, Y. and Zhang, Y. and Li, A. and Zhang, G.},
title={The experimental study on mechanical behavior of conveyor belt rubber bearings},
journal={Applied Sciences (Switzerland)},
year={2020},
volume={10},
number={13},
doi={10.3390/app10134452},
art_number={4452},

}
Scopus
EXPORT DATE: 24 August 2020

@ARTICLE{Andrejiova2020,
author={Andrejiova, M. and Grincova, A. and Marasova, D.},
title={Monitoring dynamic loading of conveyer belts by measuring local peak impact forces},
journal={Measurement: Journal of the International Measurement Confederation},
year={2020},
volume={158},
doi={10.1016/j.measurement.2020.107690},
art_number={107690},

}

Scopus
EXPORT DATE: 24 August 2020

@ARTICLE{Yao2020,
author={Yao, Y. and Zhang, B.},
title={Influence of the elastic modulus of a conveyor belt on the power allocation of multi-drive conveyors},
journal={PLoS ONE},
year={2020},
volume={15},
number={7 July},
%doi={10.1371/journal.pone.0235768},
art_number={e0235768},

}


@ARTICLE{Liu20202689,
author={Liu, X. and Pei, D. and Lodewijks, G. and Zhao, Z. and Mei, J.},
title={Acoustic signal based fault detection on belt conveyor idlers using machine learning},
journal={Advanced Powder Technology},
year={2020},
volume={31},
number={7},
pages={2689-2698},
doi={10.1016/j.apt.2020.04.034},

}

Scopus
EXPORT DATE: 24 August 2020

@ARTICLE{Yang2020447,
author={Yang, M. and Zhou, W. and Song, T.},
title={Audio-based fault diagnosis for belt conveyor rollers},
journal={Neurocomputing},
year={2020},
volume={397},
pages={447-456},
doi={10.1016/j.neucom.2019.09.109},
note={d By 0},
url={https://www.scopus.com/inward/record.uri?eid=2-s2.0-85083335983&doi=10.1016%2fj.neucom.2019.09.109&partnerID=40&md5=e14cb592a84f8e95b888fbdd301ee12c},
document_type={Article},
source={Scopus},
}

Scopus
EXPORT DATE: 24 August 2020

@ARTICLE{Molnar2020,
author={Molnar, V. and Fedorko, G. and Honus, S. and Andrejiova, M. and Grincova, A. and Michalik, P. and Palencar, J.},
title={Research in placement of measuring sensors on hexagonal idler housing with regard to requirements of pipe conveyor failure analysis},
journal={Engineering Failure Analysis},
year={2020},
volume={116},
doi={10.1016/j.engfailanal.2020.104703},
art_number={104703},

}

Scopus
EXPORT DATE: 24 August 2020

@ARTICLE{Bardzinski20201031,
author={Bardzinski, P. and Jurdziak, L. and Kawalec, W. and Król, R.},
title={Copper Ore Quality Tracking in a Belt Conveyor System Using Simulation Tools},
journal={Natural Resources Research},
year={2020},
volume={29},
number={2},
pages={1031-1040},
doi={10.1007/s11053-019-09493-6},

}
Scopus
EXPORT DATE: 24 August 2020

@ARTICLE{Zhang2020,
author={Zhang, M. and Shi, H. and Yu, Y. and Zhou, M.},
title={A computer vision based conveyor deviation detection system},
journal={Applied Sciences (Switzerland)},
year={2020},
volume={10},
number={7},
doi={10.3390/app10072402},
art_number={2402},

}

Scopus
EXPORT DATE: 24 August 2020

@ARTICLE{Yasutomi20202921,
author={Yasutomi, A.Y. and Enoki, H.},
title={Localization of Inspection Device along Belt Conveyors with Multiple Branches Using Deep Neural Networks},
journal={IEEE Robotics and Automation Letters},
year={2020},
volume={5},
number={2},
pages={2921-2928},
doi={10.1109/LRA.2020.2974709},
art_number={9001265},

}



@ARTICLE{Židek2020,
author={Židek, K. and Pitel', J. and Adámek, M. and Lazorík, P. and Hošovskỳ, A.},
title={Digital twin of experimental smart manufacturing assembly system for industry 4.0 concept},
journal={Sustainability (Switzerland)},
year={2020},
volume={12},
number={9},
doi={10.3390/su12093658},
art_number={3658},

}


Scopus
EXPORT DATE: 24 August 2020

@ARTICLE{Stehlikova2020,
author={Stehlikova, B. and Molnar, V. and Fedorko, G. and Michalik, P. and Paulikova, A.},
title={Research about influence of the tension forces, asymmetrical tensioning and filling rate of pipe conveyor belt filled with the material on the contact forces of idler rolls in hexagonal idler housing},
journal={Measurement: Journal of the International Measurement Confederation},
year={2020},
volume={156},
doi={10.1016/j.measurement.2020.107598},
art_number={107598},

}
Scopus
EXPORT DATE: 24 August 2020

@ARTICLE{Rudawska20201,
author={Rudawska, A. and Madleňák, R. and Madleňáková, L. and Droździel, P.},
title={Investigation of the effect of operational factors on conveyor belt mechanical properties},
journal={Applied Sciences (Switzerland)},
year={2020},
volume={10},
number={12},
pages={1-17},
doi={10.3390/APP10124201},
art_number={4201},

}













	
	



























@book{darwin2008origin,
  title={On the Origin of Species by Means of Natural Selection},
  author={Darwin, Charles},
  year={1969},
  publisher={Culture et Civilisation}
}
@phdthesis{bagley1967behavior,
  title={The behavior of adaptive systems which employ genetic and correlation algorithms},
  school={University of Michigan},
  author={Bagley, John Daniel},
  year={1967}
}
@book{holland1992adaptation,
  title={Adaptation in natural and artificial systems: an introductory analysis with applications to biology, control, and artificial intelligence},
  author={Holland, John H},
  year={1992},
  publisher={MIT press}
}
@book{holland1989induction,
  title={Induction: {P}rocesses of inference, learning, and discovery},
  author={Holland, John H},
  year={1989},
  publisher={MIT Press}
}
@article{wang2012review,
  title={A review of three magnetic NDT technologies},
  author={Wang, ZD and Gu, Y and Wang, YS},
  journal={Journal of Magnetism and Magnetic Materials},
  volume={324},
  number={4},
  pages={382--388},
  year={2012},
  publisher={Elsevier}
}
@article{le2013nondestructive,
  title={Nondestructive testing of train wheels using differential-type integrated Hall sensor matrixes embedded in train rails},
  author={Le, Minhhuy and Jun, Jongwoo and Kim, Jungmin and Lee, Jinyi},
  journal={NDT \& E International},
  volume={55},
  pages={28--35},
  year={2013},
  publisher={Elsevier}
}
@article{jarvis2016current,
  title={Current deflection NDE for the inspection and monitoring of pipes},
  author={Jarvis, R and Cawley, P and Nagy, PB},
  journal={Ndt \& E International},
  volume={81},
  pages={46--59},
  year={2016},
  publisher={Elsevier}
}
@article{yan2017online,
  title={Online nondestructive testing for fine steel wire rope in electromagnetic interference environment},
  author={Yan, Xiaolan and Zhang, Donglai and Pan, Shimin and Zhang, Enchao and Gao, Wei},
  journal={NDT \& E International},
  volume={92},
  pages={75--81},
  year={2017},
  publisher={Elsevier}
}
@article{harrison1985magnetic,
  title={A magnetic transducer for testing steel-cord deterioration in high-tensile strength conveyor belts},
  author={Harrison, A},
  journal={NDT international},
  volume={18},
  number={3},
  pages={133--138},
  year={1985},
  publisher={Elsevier}
}
@article{kuzik1996scanning,
  title={Scanning steel cord conveyor belts with the BELT C. A. T. MDR system},
  author={Kuzik, LJ and Blum, DW},
  journal={Bulk Solids Handling(Switzerland)},
  volume={16},
  number={3},
  pages={437--441},
  year={1996}
}
@article{yulin1999development,
  title={Development of technology for conveyor belt rope condition assessment in China},
  author={YuLin, G and Li, C},
  journal={Mining Science and Technology},
  volume={99},
  year={1999}
}
@inproceedings{xiao2012electromagnetic,
  title={The Electromagnetic Nondestructive Testing Device of the wirerope-core transmission belt},
  author={Xiao, Guozhou and Yang, Zezhou},
  booktitle={2012 Power Engineering and Automation Conference},
  pages={1--4},
  year={2012},
  organization={IEEE}
}
@article{blazej2014high,
  title={A high resolution system for automatic diagnosing the condition of the core of conveyor belts with steel cords},
  author={B{\l}a{\.z}ej, Ryszard and Kirjan{\'o}w, B and Koz{\l}owski, Tomasz},
  journal={Diagnostyka},
  volume={15},
  number={4},
  pages={41--45},
  year={2014}
}
@article{fedorko2016possibilities,
  title={Possibilities of failure analysis for steel cord conveyor belts using knowledge obtained from non-destructive testing of steel ropes},
  author={Fedorko, Gabriel and Molnar, Vieroslav and Ferkov{\'a}, {\v{Z}}elm{\'\i}ra and Peterka, Pavel and Kre{\v{s}}{\'a}k, Jozef and Toma{\v{s}}kov{\'a}, Marianna},
  journal={Engineering Failure Analysis},
  volume={67},
  pages={33--45},
  year={2016},
  publisher={Elsevier}
}
@article{ma2016noise,
  title={Noise reduction of steel cord conveyor belt defect electromagnetic signal by combined use of improved wavelet and EMD},
  author={Ma, Hong-Wei and Fan, Hong-Wei and Mao, Qing-Hua and Zhang, Xu-Hui and Xing, Wang},
  journal={Algorithms},
  volume={9},
  number={4},
  pages={62},
  year={2016},
  publisher={Multidisciplinary Digital Publishing Institute}
}
@article{blazej2014diagnostics,
  title={Diagnostics of steel cord conveyor belts--HRDS system and its application},
  author={B{\l}a{\.z}ej, R and Jurdziak, L and Hardyg{\'o}ra, M and Zimroz, R and Bujak, C and Salata, R and Doma{\'n}ski, A and Kurp, {\L}},
  journal={Min. Sci},
  volume={21},
  number={2},
  pages={15--24},
  year={2014}
}
@inproceedings{blazej2013novel,
  title={Novel approaches for processing of multi-channels NDT signals for damage detection in conveyor belts with steel cords},
  author={Blazej, Ryszard and Jurdziak, Leszek and Zimroz, Radoslaw},
  booktitle={Key Engineering Materials},
  volume={569},
  pages={978--985},
  year={2013},
  organization={Trans Tech Publ}
}
%%%%%%%%%%%%%%%%%%%%%%%%%%%%%%%%%%%%%%%%%%%%%%%%%%%%%%%%%%%%%%%%%%%%%%%%%

@article{LIU2018277,
title = "Experimental research on condition monitoring of belt conveyor idlers",
journal = "Measurement",
volume = "127",
pages = "277 - 282",
year = "2018",
issn = "0263-2241",
author = "Xiangwei Liu and Yusong Pang and Gabriel Lodewijks and Daijie He",
keywords = "Condition monitoring, Belt conveyor, Idler roll, Vibration, Temperature"
}
@misc{dwm1001,
  title = {{DWM1001 module documentation}},
  howpublished = {\url{https://www.decawave.com/product/dwm1001-module/}},
  note = {{A}ccessed: 2020-05-14}
}
@misc{opencv,
  title = {{OpenCV documentation: Changing Colorspaces}},
  howpublished = {\url{https://docs.opencv.org/trunk/df/d9d/tutorial_py_colorspaces.html}},
  note = {{A}ccessed: 2020-05-13}
}
@INPROCEEDINGS{RobotRex,  author={J. {Szrek} and K. {Arent}},  booktitle={2015 20th International Conference on Methods and Models in Automation and Robotics (MMAR), August 24 - 27, Międzyzdroje, Poland},   title={Measurement system for ground reaction forces in skid-steering mobile platform rex},   year={2015},  volume={},  number={},  pages={756-760},}

@article{RobotLeg, 
title={Idea of wheel-legged robot and its control system design}, 
volume={58}, 
number={1}, 
journal={Bulletin of the Polish Academy of Sciences. Technical Sciences},
author={Jarosław Szrek and Pawel Wojtowicz}, 
year={2010}, 
pages={43--50}
}

@article{krol_diagnostyka, 
title={Research of loading carrying idlers used in belt conveyor – practical applications}, 
volume={15}, 
number={1}, 
journal={Diagnostyka},
author={ Robert Król and  Waldemar Kisielewski}, 
year={2014}, 
pages={67--73}
}

@article{krol_miningscience, title={The influence of idlers on energy consumption of belt conveyor}, 
volume={21}, 
number={2}, 
journal={Mining Science},
author={Robert Król and  Waldemar Kisielewski}, 
year={2014}, 
pages={61–-72}
}

@misc{sterownia,
  title = {{Kopalnie KGHM jak w filmowym Avatarze. Górnik pod ziemią najmniej potrzebuj dziś kilofu}},
  howpublished = {\url{http://polskamiedz.wp.pl/artykul/kopalnie-kghm-jak-w-filmowym-avatarze-gornik-pod-ziemia-najmniej-potrzebuj-dzis-kilofu}},
  note = {{A}ccessed: 2020-05-14}
}

@misc{miningmagazine,
  title = {{Ten technologies with the power to transform mining}},
  howpublished = {\url{https://www.mining-technology.com/features/featureten-technologies-with-the-power-to-transform-mining-4211240/}},
  note = {{A}ccessed: 2020-05-14}
}

@INPROCEEDINGS{8461191, author={F. {Cunha} and K. {Youcef-Toumi}}, booktitle={2018 IEEE International Conference on Robotics and Automation (ICRA)}, title={Ultra-Wideband Radar for Robust Inspection Drone in Underground Coal Mines}, year={2018}, volume={}, number={}, pages={86-92},} 

@INPROCEEDINGS{8621649, author={X. {Cao} and X. {Zhang} and Z. {Zhou} and J. {Fei} and G. {Zhang} and W. {Jiang}}, booktitle={2018 IEEE International Conference on Real-time Computing and Robotics (RCAR)}, title={Research on the Monitoring System of Belt Conveyor Based on Suspension Inspection Robot}, year={2018}, volume={}, number={}, pages={657-661},} 

 @INPROCEEDINGS{6462974, author={F. {Ge} and W. {Moore} and M. {Antolovich} and J. {Gao}}, booktitle={2012 9th International Conference on Ubiquitous Robots and Ambient Intelligence (URAI)}, title={Robot learning by a mining tunnel inspection robot}, year={2012}, volume={}, number={}, pages={200-204},}  
 @INPROCEEDINGS{932642, author={S. G. {Roh} and S. M. {Ryew} and J. H. {Yang} and H. R. {Choi}}, booktitle={Proceedings 2001 ICRA. IEEE International Conference on Robotics and Automation (Cat. No.01CH37164)}, title={Actively steerable in-pipe inspection robots for underground urban gas pipelines}, year={2001}, volume={1}, number={}, pages={761-766 vol.1},} 
 @INPROCEEDINGS{1507481, author={ {Bing Jiang} and A. P. {Sample} and R. M. {Wistort} and A. V. {Mamishev}}, booktitle={ICAR '05. Proceedings., 12th International Conference on Advanced Robotics, 2005.}, title={Autonomous robotic monitoring of underground cable systems}, year={2005}, volume={}, number={}, pages={673-679},} 
 
@article{li_savkin_vucetic_2020, title={Autonomous Area Exploration and Mapping in Underground Mine Environments by Unmanned Aerial Vehicles}, volume={38}, DOI={10.1017/S0263574719000754}, number={3}, journal={Robotica}, publisher={Cambridge University Press}, author={Li, Hang and Savkin, Andrey V. and Vucetic, Branka}, year={2020}, pages={442–456}}
@ARTICLE{8990018, author={I. D. {Miller} and F. {Cladera} and A. {Cowley} and S. S. {Shivakumar} and E. S. {Lee} and L. {Jarin-Lipschitz} and A. {Bhat} and N. {Rodrigues} and A. {Zhou} and A. {Cohen} and A. {Kulkarni} and J. {Laney} and C. J. {Taylor} and V. {Kumar}}, journal={IEEE Robotics and Automation Letters}, title={Mine Tunnel Exploration Using Multiple Quadrupedal Robots}, year={2020}, volume={5}, number={2}, pages={2840-2847},} 
@INPROCEEDINGS{8741532, author={C. {Papachristos} and S. {Khattak} and F. {Mascarich} and K. {Alexis}}, booktitle={2019 IEEE Aerospace Conference}, title={Autonomous Navigation and Mapping in Underground Mines Using Aerial Robots}, year={2019}, volume={}, number={}, pages={1-8},}
@ARTICLE{1371614, author={S. {Thrun} and S. {Thayer} and W. {Whittaker} and C. {Baker} and W. {Burgard} and D. {Ferguson} and D. {Hahnel} and D. {Montemerlo} and A. {Morris} and Z. {Omohundro} and C. {Reverte} and {Whittaker W}}, journal={IEEE Robotics Automation Magazine}, title={Autonomous exploration and mapping of abandoned mines}, year={2004}, volume={11}, number={4}, pages={79-91},} 

@inproceedings{Grehl2015_out,
author = {Grehl, Steve and Sastuba, Mark and Donner, Marc and Ferber, Marvin and Schreiter, Falk and Mischo, Helmut and Jung, Bernhard},
year = {2015},
month = {11},
pages = {711-722},
title = {Towards virtualization of underground mines using mobile robots – from 3D scans to virtual mines}
}

@INPROCEEDINGS{Grehl2015, author={rehl, Steve and Sastuba, Mark and Donner, Marc and Ferber, Marvin and Schreiter, Falk and Mischo, Helmut and Jung, Bernhard}}, booktitle={MPES 2015 
– Smart Innovation in Mining}, title={Towards virtualization of underground mines using mobile robots – from 3D scans to virtual mines}, year={2015}, volume={}, number={}, pages={242-246},}




@INPROCEEDINGS{6743612, author={A. {Maity} and S. {Majumder} and D. N. {Ray}}, booktitle={2013 International Conference on Robotics, Biomimetics, Intelligent Computational Systems}, title={Amphibian subterranean robot for mine exploration}, year={2013}, volume={}, number={}, pages=711-722},}


@ARTICLE{5069840, author={R. R. {Murphy} and J. {Kravitz} and S. L. {Stover} and R. {Shoureshi}}, journal={IEEE Robotics Automation Magazine}, title={Mobile robots in mine rescue and recovery}, year={2009}, volume={16}, number={2}, pages={91-103},} 

@INPROCEEDINGS{5563599, author={ {Zhu Jianguo} and {Gao Junyao} and {Li Kejie} and {Lin Wei} and {Bi Shengjun}}, booktitle={2010 3rd International Conference on Computer Science and Information Technology}, title={Embedded control system design for coal mine detect and rescue robot}, year={2010}, volume={6}, number={}, pages={64-68},} 

@INPROCEEDINGS{6685501, author={J. {Green}}, booktitle={2013 6th Robotics and Mechatronics Conference (RobMech,Oct.30-31, KwaZulu-Natal, South Africa)}, title={Mine rescue robots requirements Outcomes from an industry workshop}, year={2013}, volume={}, number={}, pages={111-116},} 

@ARTICLE{5069840, author={R. R. {Murphy} and J. {Kravitz} and S. L. {Stover} and R. {Shoureshi}}, journal={IEEE Robotics Automation Magazine}, title={Mobile robots in mine rescue and recovery}, year={2009}, volume={16}, number={2}, pages={91-103},}


@INPROCEEDINGS{5420386, author={L. {Gangfeng} and Z. {Lei} and H. {Zhenfeng} and Z. {Jie}}, booktitle={2009 IEEE International Conference on Robotics and Biomimetics (ROBIO), December 18-22, Guilin, Guangxi, China }, title={Distribution and communication of multi-robot system for detection in the underground mine disasters}, year={2009}, volume={}, number={}, pages={1439-1444},}


@ARTICLE{8861455, author={Z. {Rochala} and K. {Wojtowicz} and P. {Kordowski} and B. {Brzozowski}}, journal={IEEE Aerospace and Electronic Systems Magazine}, title={Experimental Tests of the Obstacles Detection Technique in the Hemispherical Area for an Underground Explorer UAV}, year={2019}, volume={34}, number={10}, pages={18-26},} 

@INPROCEEDINGS{8908192, author={B. L. {Komane} and T. E. {Mathonsi}}, booktitle={2019 Open Innovations (OI)}, title={A Review of Wireless Sensor Networks: Early Accident Detection Models for South African Mine Industries}, year={2019}, volume={}, number={}, pages={36-41},} 

@INPROCEEDINGS{8665290, author={S. S. {Mansouri} and C. {Kanellakis} and G. {Georgoulas} and G. {Nikolakopoulos}}, booktitle={2018 IEEE International Conference on Robotics and Biomimetics (ROBIO)}, title={Towards MAV Navigation in Underground Mine Using Deep Learning}, year={2018}, volume={}, number={}, pages={880-885},} 

@INPROCEEDINGS{8396595, author={F. {Mascarich} and S. {Khattak} and C. {Papachristos} and K. {Alexis}}, booktitle={2018 IEEE Aerospace Conference}, title={A multi-modal mapping unit for autonomous exploration and mapping of underground tunnels}, year={2018}, volume={}, number={}, pages={1-7},} 

@INPROCEEDINGS{8665108, author={H. {Li} and A. V. {Savkin} and B. {Vucetic}}, booktitle={2018 IEEE International Conference on Robotics and Biomimetics (ROBIO)}, title={Collision Free Navigation of a Flying Robot for Underground Mine Search and Mapping}, year={2018}, volume={}, number={}, pages={1102-1106},} 

@INPROCEEDINGS{8968151, author={T. {Dang} and F. {Mascarich} and S. {Khattak} and C. {Papachristos} and K. {Alexis}}, booktitle={2019 IEEE/RSJ International Conference on Intelligent Robots and Systems (IROS)}, title={Graph-based Path Planning for Autonomous Robotic Exploration in Subterranean Environments}, year={2019}, volume={}, number={}, pages={3105-3112},} 


@InProceedings{Stefaniak_CMMNO2018,
author="Stefaniak, Pawe{\l}
and Wodecki, Jacek
and Zimroz, Rados{\l}aw",
editor="Timofiejczuk, Anna
and {\L}azarz, Bogus{\l}aw Edward
and Chaari, Fakher
and Burdzik, Rafa{\l}",
title="Maintenance Management of Mining Belt Conveyor System Based on Data Fusion and Advanced Analytics",
booktitle="Advances in Technical Diagnostics",
year="2018",
publisher="Springer International Publishing",
address="Cham",
pages="465--476",
isbn="978-3-319-62042-8"
}










 





@INPROCEEDINGS{6523868, author={J. {Green}}, booktitle={2012 IEEE International Symposium on Safety, Security, and Rescue Robotics (SSRR)}, title={Underground mining robot: A CSIR project}, year={2012}, volume={}, number={}, pages={1-6},} 

@INPROCEEDINGS{5649281, author={D. A. {Anisi} and J. {Gunnar} and T. {Lillehagen} and C. {Skourup}}, booktitle={2010 IEEE/RSJ International Conference on Intelligent Robots and Systems}, title={Robot automation in oil and gas facilities: Indoor and onsite demonstrations}, year={2010}, volume={}, number={}, pages={4729-4734},}








